<record xmlns="http://www.loc.gov/MARC21/slim" xmlns:xsi="http://www.w3.org/2001/XMLSchema-instance" xsi:schemaLocation="http://www.loc.gov/MARC21/slim http://www.loc.gov/standards/marcxml/schema/MARC21slim.xsd"><leader>03765nam a2200601   4500</leader><controlfield tag="001">5018586</controlfield><controlfield tag="003">NIC</controlfield><controlfield tag="006">m        d        </controlfield><controlfield tag="007">cr cn |||m|||a</controlfield><controlfield tag="008">150113s1953    ua      ob    000 0 ara c</controlfield><datafield ind1=" " ind2=" " tag="040"><subfield code="a">NNU</subfield><subfield code="b">eng</subfield><subfield code="e">rda</subfield><subfield code="c">NNU</subfield></datafield><datafield ind1=" " ind2=" " tag="043"><subfield code="a">aw-----</subfield><subfield code="a">ff-----</subfield><subfield code="a">e-sp---</subfield></datafield><datafield ind1=" " ind2="4" tag="050"><subfield code="a">PJ7510</subfield><subfield code="b">.H95</subfield></datafield><datafield ind1="1" ind2=" " tag="100"><subfield code="6">880-01</subfield><subfield code="a">H&#803;us&#803;ri&#772;, Ibra&#772;hi&#772;m ibn &#699;Ali&#772;,</subfield><subfield code="d">-1022.</subfield></datafield><datafield ind1="1" ind2="0" tag="245"><subfield code="6">880-02</subfield><subfield code="a">Jam&#699; al-Jawa&#772;hir fi&#772; al-mulah&#803; wa-al-nawa&#772;dir /</subfield><subfield code="c">li-Abi&#772; Ish&#803;a&#772;q Ibra&#772;hi&#772;m ibn &#699;Ali&#772; al-H&#803;us&#803;ri&#772; al-Qayrawa&#772;ni&#772; ; h&#803;aqqaqahu wa-d&#803;abat&#803;ahu wa-fad&#803;d&#803;al abwa&#772;bahu, wa-wad&#803;a&#699;a faha&#772;risahu &#699;Ali&#772; Muh&#803;ammad al-Bajja&#772;wi&#772;.</subfield></datafield><datafield ind1="3" ind2=" " tag="246"><subfield code="6">880-03</subfield><subfield code="a">Dhayl Zahr al-a&#772;da&#772;b</subfield></datafield><datafield ind1=" " ind2=" " tag="250"><subfield code="6">880-04</subfield><subfield code="a">al-T&#803;ab&#699;ah 1.</subfield></datafield><datafield ind1=" " ind2=" " tag="260"><subfield code="6">880-05</subfield><subfield code="a">[Cairo] :</subfield><subfield code="b">Da&#772;r Ih&#803;ya&#772;&#700; al-Kutub al-&#699;Arabi&#772;yah, &#699;I&#772;sa&#769; al-Ba&#772;bi&#772; al-H&#803;alabi&#772;,</subfield><subfield code="c">1372 [1953]</subfield></datafield><datafield ind1=" " ind2=" " tag="300"><subfield code="a">online resource (403 p.)</subfield></datafield><datafield ind1=" " ind2=" " tag="336"><subfield code="a">text</subfield><subfield code="2">rdacontent</subfield></datafield><datafield ind1=" " ind2=" " tag="337"><subfield code="a">computer</subfield><subfield code="2">rdamedia</subfield></datafield><datafield ind1=" " ind2=" " tag="338"><subfield code="a">online resource</subfield><subfield code="2">rdacarrier</subfield></datafield><datafield ind1=" " ind2=" " tag="500"><subfield code="6">880-06</subfield><subfield code="a">"Wa-huwa alladhi&#772; t&#803;ubi&#699;a qabl bi-ism Dhayl Zahr al-a&#772;da&#772;b".</subfield></datafield><datafield ind1=" " ind2=" " tag="500"><subfield code="a">This collection was purchased from Professor Michael Zwettler after his death, Ohio State University, Department of Near Eastern Languages and Cultures.</subfield></datafield><datafield ind1=" " ind2=" " tag="500"><subfield code="a">Part of the Arabic Collections Online (ACO) project, contributed by Cornell University Libraries.</subfield></datafield><datafield ind1=" " ind2=" " tag="504"><subfield code="a">Includes bibliographical references.</subfield></datafield><datafield ind1=" " ind2=" " tag="533"><subfield code="a">Electronic reproduction.</subfield><subfield code="b">New York, N.Y. :</subfield><subfield code="c">New York University,</subfield><subfield code="d">2015.</subfield><subfield code="5">NNU</subfield></datafield><datafield ind1=" " ind2="0" tag="650"><subfield code="a">Arabic literature</subfield><subfield code="x">History and criticism</subfield><subfield code="v">Early works to 1800.</subfield></datafield><datafield ind1=" " ind2="0" tag="650"><subfield code="a">Anecdotes</subfield><subfield code="z">Islamic Empire</subfield><subfield code="v">Early works to 1800.</subfield></datafield><datafield ind1=" " ind2="7" tag="650"><subfield code="a">Anecdotes.</subfield><subfield code="2">fast</subfield><subfield code="0">(OCoLC)fst00808608</subfield></datafield><datafield ind1=" " ind2="7" tag="650"><subfield code="a">Arabic literature.</subfield><subfield code="2">fast</subfield><subfield code="0">(OCoLC)fst00812478</subfield></datafield><datafield ind1=" " ind2="7" tag="651"><subfield code="a">Islamic Empire.</subfield><subfield code="2">fast</subfield><subfield code="0">(OCoLC)fst01244134</subfield></datafield><datafield ind1=" " ind2="7" tag="655"><subfield code="a">Criticism, interpretation, etc.</subfield><subfield code="2">fast</subfield><subfield code="0">(OCoLC)fst01411635</subfield></datafield><datafield ind1=" " ind2="7" tag="655"><subfield code="a">Early works.</subfield><subfield code="2">fast</subfield><subfield code="0">(OCoLC)fst01411636</subfield></datafield><datafield ind1="1" ind2=" " tag="700"><subfield code="6">880-07</subfield><subfield code="a">Baja&#772;wi&#772;, &#699;Ali&#772; Muh&#803;ammad.</subfield></datafield><datafield ind1="1" ind2=" " tag="700"><subfield code="6">880-08</subfield><subfield code="a">H&#803;us&#803;ri&#772;, Ibra&#772;hi&#772;m ibn &#699;Ali&#772;,</subfield><subfield code="d">-1022.</subfield><subfield code="t">Zahr al-a&#772;da&#772;b wa-thamar al-alba&#772;b.</subfield></datafield><datafield ind1="1" ind2=" " tag="700"><subfield code="a">Zwettler, Michael.</subfield></datafield><datafield ind1="2" ind2=" " tag="710"><subfield code="a">Ohio State University.</subfield><subfield code="b">Department of Near Eastern Languages and Cultures.</subfield></datafield><datafield ind1="2" ind2=" " tag="710"><subfield code="a">Cornell University.</subfield><subfield code="b">Libraries.</subfield></datafield><datafield ind1="0" ind2=" " tag="730"><subfield code="a">Arabic Collections Online.</subfield></datafield><datafield ind1="0" ind2="8" tag="776"><subfield code="i">Online version:</subfield><subfield code="a">H&#803;us&#803;ari&#772;, Ibra&#772;hi&#772;m &#699;Ali&#772; al-Qayrawa&#772;ni&#772;, -1022?</subfield><subfield code="t">Jam&#699; al-Jawa&#772;hir fi&#772; al-mulah&#803; wa-al-nawa&#772;dir.</subfield><subfield code="b">al-T&#803;ab&#699;ah 1.</subfield><subfield code="d">[s.l.] : Da&#772;r Ih&#803;ya&#772;' al-Kutab al-&#699;Arabi&#772;yah, 1953</subfield><subfield code="w">(OCoLC)644146597</subfield></datafield><datafield ind1="0" ind2="8" tag="776"><subfield code="i">Print version:</subfield><subfield code="a">H&#803;us&#803;ri&#772;, Ibra&#772;hi&#772;m ibn &#699;Ali&#772;, -1022.</subfield><subfield code="t">Jam&#699; al-Jawa&#772;hir fi&#772; al-mulah&#803; wa-al-nawa&#772;dir</subfield><subfield code="w">(NIC)5018586</subfield><subfield code="w">(DLC)   78265004 </subfield><subfield code="w">(OCoLC)23519160</subfield></datafield><datafield ind1="4" ind2="0" tag="856"><subfield code="u">http://hdl.handle.net/2333.1/h9w0vwc5</subfield></datafield><datafield ind1="1" ind2=" " tag="880"><subfield code="6">100-01/r</subfield><subfield code="a">&#1581;&#1589;&#1585;&#1610;&#1548; &#1575;&#1576;&#1585;&#1575;&#1607;&#1610;&#1605; &#1576;&#1606; &#1593;&#1604;&#1610;&#1548; </subfield><subfield code="d">-1022.</subfield></datafield><datafield ind1="1" ind2="0" tag="880"><subfield code="6">245-02/r</subfield><subfield code="a">&#8207;&#1580;&#1605;&#1593; &#1575;&#1604;&#1581;&#1608;&#1575;&#1607;&#1585; &#1601;&#1610; &#1575;&#1604;&#1605;&#1604;&#1581; &#1608;&#1575;&#1604;&#1606;&#1608;&#1575;&#1583;&#1585; /&#8207;</subfield><subfield code="c">&#8207;&#1604;&#1571;&#1576;&#1610; &#1573;&#1587;&#1581;&#1575;&#1602; &#1575;&#1576;&#1585;&#1575;&#1607;&#1610;&#1605; &#1576;&#1606; &#1593;&#1604;&#1610; &#1575;&#1604;&#1581;&#1589;&#1585;&#1610; &#1575;&#1604;&#1602;&#1610;&#1585;&#1608;&#1575;&#1606;&#1610; &#1563; &#1581;&#1602;&#1602; &#1608;&#1590;&#1576;&#1591;&#1607; &#1608;&#1601;&#1590;&#1604; &#1571;&#1576;&#1608;&#1575;&#1576;&#1607; &#1608;&#1608;&#1590;&#1593; &#1601;&#1607;&#1575;&#1585;&#1587;&#1607; &#1593;&#1604;&#1610; &#1605;&#1581;&#1605;&#1583; &#1575;&#1604;&#1576;&#1580;&#1575;&#1608;&#1610;.</subfield></datafield><datafield ind1="3" ind2=" " tag="880"><subfield code="6">246-03/r</subfield><subfield code="a">&#8207;&#1584;&#1610;&#1604; &#1586;&#1607;&#1585; &#1575;&#1604;&#1570;&#1583;&#1575;&#1576;</subfield></datafield><datafield ind1=" " ind2=" " tag="880"><subfield code="6">250-04/r</subfield><subfield code="a">&#8207;&#1575;&#1604;&#1591;&#1576;&#1593;&#1577; 1.</subfield></datafield><datafield ind1=" " ind2=" " tag="880"><subfield code="6">260-05/r</subfield><subfield code="a">[Cairo] :</subfield><subfield code="b">&#1583;&#1575;&#1585; &#1575;&#1581;&#1610;&#1575;&#1569; &#1575;&#1604;&#1603;&#1578;&#1576; &#1575;&#1604;&#1593;&#1585;&#1576;&#1610;&#1577;&#1548; &#1593;&#1610;&#1587;&#1609; &#1575;&#1604;&#1576;&#1575;&#1576;&#1610; &#1575;&#1604;&#1581;&#1604;&#1576;&#1610;&#1548;</subfield><subfield code="c">1372 [1953]</subfield></datafield><datafield ind1=" " ind2=" " tag="880"><subfield code="6">500-06/r</subfield><subfield code="a">"&#1608;&#1607;&#1608; &#1575;&#1604;&#1584;&#1610; &#1591;&#1576;&#1593; &#1602;&#1576;&#1604; &#1576;&#1575;&#1587;&#1605; &#1584;&#1610;&#1604; &#1586;&#1607;&#1585; &#1575;&#1604;&#1570;&#1583;&#1575;&#1576;".</subfield></datafield><datafield ind1="1" ind2=" " tag="880"><subfield code="6">700-07/r</subfield><subfield code="a">&#8207;&#1576;&#1580;&#1575;&#1608;&#1610;&#1548; &#1593;&#1604;&#1610; &#1605;&#1581;&#1605;&#1583;.</subfield></datafield><datafield ind1="1" ind2=" " tag="880"><subfield code="6">700-08/r</subfield><subfield code="a">&#8207;&#1581;&#1589;&#1585;&#1610;&#1548; &#1575;&#1576;&#1585;&#1575;&#1607;&#1610;&#1605; &#1576;&#1606; &#1593;&#1604;&#1610;.&#8207;</subfield><subfield code="t">&#8207;&#1586;&#1607;&#1585; &#1575;&#1604;&#1570;&#1583;&#1575;&#1576; &#1608;&#1579;&#1605;&#1585; &#1575;&#1604;&#1571;&#1604;&#1576;&#1575;&#1576;.</subfield></datafield><datafield ind1=" " ind2=" " tag="959"><subfield code="a">NNU</subfield><subfield code="b">WEB</subfield><subfield code="c">GENI</subfield><subfield code="t">0</subfield><subfield code="m">Electronic access</subfield><subfield code="s">01</subfield></datafield><datafield ind1=" " ind2=" " tag="999"><subfield code="i">NIC_5018586</subfield><subfield code="o">(OCoLC)ocm23519160</subfield><subfield code="e">ok</subfield></datafield></record>